2362 4626
208 288 554 356 scosanunra
596 248 918 359 eotrsrnra
1013 295 1073 374 ³7⁵

212 472 336 543 vatico,
359 470 564 544 colliculoso,
587 484 755 544 montoso,
779 470 933 550 abrupto,
953 475 1073 554 aprico,

213 573 325 634 opaco,
350 557 503 627 calcareo,
525 554 879 634 calcareo·argillaceo,
900 573 1074 634 gypsaceo,

210 638 402 718 argillaceo,
424 637 741 707 siliceo-arenaceo,
765 639 917 705 basaltico
937 639 1073 718 porpby.

210 721 280 781 rico
303 735 335 778 et
358 720 681 797 granitic0,-canino
712 740 803 780 more
823 719 920 782 ludit.
964 722 1003 779 ln
1024 742 1073 780 re·

211 802 366 883 gionibus
388 806 494 880 sylvae
517 803 627 876 nigrae
649 804 785 882 aliisque
804 818 900 883 'saepe
923 822 981 882 per
1007 822 1073 862 am·

210 884 401 945 bustionem
422 885 601 951 fruticum:
625 886 731 955 Rubi,
755 887 923 946 Ericarum
946 898 978 944 et
999 887 1075 946 alia·

211 988 309 1040 rum,
337 967 550 1040 submutatis,
582 971 823 1045 quammaxime
852 970 1074 1049 polymorpho.

211 1050 266 1112 Ex
296 1069 362 1111 uno
391 1050 509 1123 eodem,
534 1051 707 1111 indiuiduo
729 1053 824 1113 facile
854 1054 871 1113 5
903 1064 935 1110 et
965 1054 1075 1131 plures

213 1133 383 1199 varietates
405 1132 730 1214 conspicuae,'quae
760 1156 817 1216 pro
840 1133 930 1194 dolor
951 1155 970 1193 a
991 1153 1075 1194 non·

209 1217 314 1277 nullis
335 1214 500 1276 hodiernis
524 1237 580 1297 pro
603 1217 772 1297 speciebus
802 1216 938 1277 diversis
970 1236 1075 1276 enun-

213 1300 351 1359 ciantur.
396 1298 450 1358 Sic
479 1296 617 1365 Celeb,
648 1299 689 1362 D.
723 1301 870 1359 Weihe
901 1313 932 1367 et
964 1301 1075 1359 Nees

213 1382 261 1442 ab
294 1380 491 1442 Esenbek
518 1381 626 1440 Rubi
649 1383 883 1459 germanici
907 1381 1076 1463 descripti·

212 1463 332 1526 onibus
355 1476 388 1522 et
407 1464 555 1543 iconibus
579 1464 779 1538 adumbrati,
799 1466 835 1524 in
859 1466 922 1526 sola
941 1467 1074 1542 regione

213 1546 408 1620 Miudensi,
432 1547 563 1626 jamjam
594 1549 674 1608 ultra
694 1550 749 1613 ,60
777 1550 921 1629 species,
949 1563 1073 1608 creatae

212 1643 298 1695 sunt,
349 1629 496 1689 Unicum
526 1645 558 1691 et
587 1633 749 1710 optimum
778 1652 835 1710 pro
865 1630 1075 1692 instabilitate

211 1713 329 1774 harum
351 1713 531 1792 specierum
555 1715 722 1774 criterium
746 1728 795 1774 est
816 1733 928 1783 earum
945 1734 1022 1774 sana
1044 1726 1076 1771 et

211 1796 391 1858 multifaria
411 1796 447 1855 in
473 1796 606 1856 diversis
629 1796 818 1874 regionibus
841 1796 1074 1879 contemplatio

214 1894 248 1938 et
275 1899 385 1938 earum
418 1881 544 1939 cultura
569 1881 603 1939 in
627 1879 719 1939 horto
742 1900 782 1938 ex
804 1880 993 1945 seminibus.
1035 1880 1074 1939 ln

213 1960 253 2026 R.
276 1962 488 2022 fruticoso
508 1963 622 2024 Linn.
648 1962 817 2034 Caules,
841 1963 1075 2035 Sarmenta,

213 2047 330 2108 Remi
362 2059 394 2103 et
421 2045 617 2113 'Ranrrrli,
647 2046 767 2117 erecti,
802 2046 944 2115 curvati,
977 2047 1077 2107 decli-

211 2130 294 2200 nati,
311 2127 555 2200 adscendentes,
572 2133 643 2208 plus
663 2131 815 2188 minusve
834 2148 929 2205 saepe
946 2129 1077 2191 decum-

211 2213 348 2281 bentes,
370 2212 592 2284 teretiusculi,
616 2214 744 2285 sulcati,
766 2211 954 2289 saepissime
975 2229 1078 2289 angu-

199 2377 505 2455 .subglnn,dulileri,
528 2377 714 2440 aculeolati:
758 2377 877 2435 aculeis
902 2375 1076 2454 majoribus

215 2476 248 2521 et
270 2460 472 2532 minoribus,
506 2460 726 2532 rectiusculis,
756 2458 946 2539 saepissime
967 2459 1077 2517 incur-

217 2549 285 2614 vis,
316 2557 371 2601 aut
398 2543 552 2614 aduncis,
583 2542 687 2603 rarius
711 2541 916 2603 subrecurvis
938 2543 1079 2622 aequali·

212 2627 277 2687 bus
300 2642 331 2685 et
353 2624 597 2704 inaequalibus,
630 2624 851 2684 conformibus
883 2638 915 2683 et
936 2626 1079 2684 maxime

216 2710 449 2781 difformibus,
485 2707 692 2787 paucioribus
726 2719 759 2766 et
789 2708 1078 2770 numerosioribus.

217 2794 339 2853 Folia
361 2794 396 2850 in
415 2792 564 2851 caulibus
588 2792 823 2866 sarmentisque
846 2790 1009 2869 primariis
1030 2810 1082 2850 se·

206 2873 445 2954 'cundariisque
466 2875 653 2953 saepissime
684 2873 832 2951 quinata,
863 2874 1080 2951 subquinata,

218 2959 364 3039 digitum,
385 2955 420 3017 in
444 2959 542 3017 ramis
564 2949 764 3034 famulisque
785 2956 995 3034 subquinata,
1016 2969 1081 3016 ter·

217 3057 316 3112 nata,
347 3043 582 3120 simpliciaque.
641 3036 815 3099 Foliola
850 3037 1081 3118 polymorpha,

218 3127 390 3207 petiolota,
412 3122 645 3204 subpetiolatrl
668 3120 807 3196 cordata,
831 3122 1083 3181 cordato-orata

219 3208 478 3282 suburbiculata,
501 3221 594 3266 ovato
606 3205 773 3274 ·cordata‚
807 3204 940 3276 obtusa,
969 3216 1082 3275 acuta,

219 3292 406 3353 acuminata
428 3304 460 3349 et
479 3289 664 3369 cuspidata,
696 3287 840 3366 longiora
863 3302 895 3346 et
916 3286 1082 3357 breviora,

217 3376 334 3439 latiora
362 3391 394 3434 et
433 3374 646 3451 angustiora,
685 3371 881 3449 simpliciter
911 3382 944 3427 et
977 3362 1084 3448 dupli·

221 3471 445 3518 cem-serrata
475 3468 531 3514 aut
559 3452 858 3522 serrato-dentata,
888 3451 1081 3530 quaudoque

221 3539 416 3613 sublobata,
464 3556 634 3618 grossaque
676 3536 893 3614 inaequaliter
932 3536 1083 3605 dentata,

219 3627 332 3712 plana,
362 3641 457 3702 saepe
487 3623 559 3701 plus
581 3621 758 3698 minusque
779 3618 955 3690 undulata,
989 3634 1085 3696 supra

221 3720 362 3768 saturate
381 3704 562 3786 pallideque
583 3702 709 3774 viridia,
733 3701 845 3761 subtus
864 3700 1084 3779 pubescentia,

222 3791 390 3863 villosula‚
420 3789 580 3868 pilosala,
610 3786 778 3854 velutina,
808 3798 1011 3856 tomentosa,
1039 3780 1084 3842 al·

222 3871 320 3943 bida,
359 3872 481 3953 passim
518 3868 639 3949 pallide
674 3865 877 3928 virescentis
933 3868 1084 3929 Floras

222 3955 411 4036 paniculoti,
432 3949 1084 4036 paniculsto-racemosi,corymbum-pa·
