2362 4626
86 297 150 343 rao.
214 269 583 357 TETRANDRIA
610 269 972 383 monoculus.

89 455 243 532 Germ·
303 398 583 625 Ncclistiep'ge
624 453 885 564 Kugelblume·
946 454 991 573 Nl

184 553 336 660 stielr'ge
361 553 474 625 blane
545 551 719 625 asliebcn.

89 695 213 772 Gall.
268 692 544 770 Globulnired
579 697 639 795 epi
667 696 754 770 nud.

86 841 133 918 H
138 843 204 916 ab.
254 842 297 908 In
323 833 531 934 Principatu
548 823 727 937 supeiiori
760 855 855 908 retro
885 838 938 917 M
989 843 991 851 '

185 932 224 1005 in
251 931 402 1033 rupibus
427 932 593 1005 caleareis
627 939 676 1013 im
707 930 949 1027 Donautha!

188 1036 331 1109 stetten
357 1060 421 1108 am
446 1033 573 1106 kalten
604 1035 755 1119 Maris,
781 1055 848 1102 nec
871 1032 970 1101 non'

187 1128 267 1198 cina
293 1123 443 1196 helvetia
465 1151 583 1227 prope
607 1131 662 1203 Se·
686 1130 836 1212 Gallen.
863 1124 991 1297 prop!

187 1227 367 1303 Weisbcd
390 1254 453 1302 am
489 1228 777 1301 Wildlirclrlein
810 1227 874 1296 ubr
892 1222 930 1295 vi
955 1223 964 1238 ’

85 1374 123 1455 F
128 1376 145 1449 1
153 1401 216 1449 or·
266 1368 385 1565 1111ἱῖ
424 1374 578 1450 Semina
605 1369 765 1467 Augusto
788 1371 991 1472 Septembr-

236 1486 324 1537 tura.

189 1610 313 1683 Differt
342 1635 361 1679 a
386 1613 430 1681 G·
458 1613 527 1688 vul
553 1611 636 1686 ari:
677 1611 796 1687 Coele
819 1610 967 1712 aphyllo

88 1708 217 1782 altiori.
256 1711 375 1784 Foliis
402 1636 615 1778 radicaibus
639 1705 861 1803 longioribus
888 1708 991 1779 ovali

90 1803 225 1901 longis,
252 1800 489 1887 firmioribus,
513 1802 748 1899 integerrimis
774 1804 845 1875 basi
874 1806 991 1903 magis

90 1899 230 1985 nuruis,
256 1897 543 1999 splendentibus,
575 1906 739 1979 caulinis
769 1900 901 1986 nullis,
937 1928 991 1973 au

91 2019 163 2069 rem
187 2021 307 2068 versus
328 1995 442 2066 'basin
478 1994 625 2067 demum
661 2000 772 2096 solio
806 2024 880 2070 uno
916 2000 991 2071 alter

90 2093 206 2166 multo
232 2089 375 2164 minori.
428 2097 607 2198 capitulo
632 2089 766 2165 florum
791 2096 991 2191 majusculo

191 2298 268 2375 pag.
297 2272 377 2344 διο.
404 2274 713 2344 econamum
737 2279 925 2386 vulgaris·
989 2298 991 2306 '

92 2423 204 2499 Has.
253 2420 367 2488 Porro
400 2415 439 2489 in
466 2417 640 2518 Brisgovia
673 2414 718 2489 ad
744 2439 905 2491 montem
932 2425 991 2499 Ka

189 2518 298 2593 stubi
319 2512 358 2584 in
381 2515 523 2614 pascuis
548 2513 734 2613 gramineis
755 2517 928 2589 montosis
948 2548 991 2594 cn

192 2614 357 2694 Schellin
389 2644 431 2688 er
445 2619 590 2689 Wiesen
613 2613 703 2683 infra
722 2620 803 2691 dem
823 2624 876 2690 St·
900 2620 991 2694 licei

192 2640 448 2786 nenkirciiein
459 2706 599 2780 abunde
609 2706 798 2806 etquidem
813 2709 991 2783 floribuse

191 2804 275 2890 leis,
304 2805 470 2877 violaceis
504 2827 539 2878 et
564 2806 671 2889 albis,
708 2806 770 2877 ubi
806 2835 888 2879 cum
915 2834 991 2907 gem

198 2906 372 3014 Yunarp
389 2900 463 2973 Vldl
485 2903 582 3014 1805..
609 2907 727 3002 Prope
752 2910 991 3018 Weinhgims

191 3023 308 3071 vineas
343 3024 381 3071 m
421 3019 594 3070 montosis
632 3026 716 3071 cum
756 3027 972 3074 amrelsslmo

191 3115 355 3169 veterano
382 3101 523 3181 Heinse
538 3119 573 3172 et
597 3101 718 3174 lindie
736 3097 991 3203 pharmacopae

191 3191 424 3264 structissimo
449 3189 523 3264 vidi
555 3192 788 3266 1813-1815.

134 3364 249 3427 Nota.
290 3363 361 3425 Jam
391 3365 522 3445 saepius
543 3367 740 3446 pulchellum
762 3372 928 3448 plantam,
957 3370 991 3429 in

233 3460 305 3507 tum
334 3445 523 3509 botanicum
552 3451 818 3513 Carlaruhensem
840 3454 991 3532 transplai

234 3528 368 3592 difficile
391 3530 609 3597 cicurandam.

190 3715 267 3791 pag.
295 3691 377 3764 311.
400 3692 704 3764 Gnosonanra
728 3698 945 3793 cordqfolia

93 3840 139 3916 H
143 3839 206 3914 ab.
231 3837 344 3906 Porro
369 3833 407 3906 in
425 3835 539 3908 vicina
559 3838 676 3909 Princi
707 3860 783 3911 atus
797 3839 991 3946 superioris

193 3930 306 4020 veria,
355 3930 455 4036 apud
495 3866 833 4028 Abbaiiscellenses‚
876 3959 973 4014 retro
