2362 4626
170 200 555 340 sauusrunsit
597 260 880 328 retortus.
977 282 1035 344 ²77

26 443 129 511 01η.
171 435 312 503 Rafflces
343 462 384 504 ex
406 444 524 524 plantis
545 441 629 521 apud
653 460 713 502 nos
734 441 852 512 cultis,
885 441 922 503 in
942 441 1037 521 phar·

129 526 248 588 masiis
273 527 396 604 passim
418 527 478 585 sub
500 526 591 587 Rheo
610 525 824 584 moscovitico
846 523 920 586 virli.
963 525 1036 584 Dii-

128 610 199 669 fert
219 627 237 669 a
259 608 354 669 Rbeo
375 609 523 668 chinensi
544 629 567 671 s.
596 607 805 667 uroscovitico
827 620 858 664 et
885 605 1037 678 sibirico,

129 691 301 754 radicibus
321 711 380 752 seu
410 693 519 752 frustis
551 688 751 768 longioribus
778 691 885 750 multo
906 684 1037 749 teniuo·

130 775 247 848 ribus,
269 774 564 852 spongiosioribus,
592 772 767 833 levioribus
790 771 911 848 pallide
930 772 1037 832 rubel-

128 858 196 932 lis,
214 857 320 934 magis
341 857 545 926 trabilibus,
568 869 599 914 st
618 854 917 933 adstringentibus,
940 852 1037 915 odora

127 954 166 1000 et
199 956 312 1018 sapore
338 938 569 999 rhabarbarino
596 938 785 1000 remissiori.
839 936 908 996 Sub
928 939 1038 997 masti-

130 1025 267 1084 catione
284 1035 393 1092 tenax,
405 1021 633 1081 indissolubile
648 1020 726 1079 dum
736 1019 867 1079 Rbeurn
883 1020 1040 1079 cbinense

129 1126 194 1168 seu
215 1105 545 1164 moscoviticum
567 1119 600 1162 et
621 1103 847 1169 sibiricum
867 1106 1038 1178 selectum,

114 1189 362 1261 masticatum,
389 1188 427 1247 in
449 1207 503 1247 ore
524 1188 659 1247 solvitur

197 1353 336 1414 Radices
352 1353 436 1433 apud
458 1373 519 1414 nos
536 1355 652 1425 cultae,
674 1352 842 1434 bucusque
864 1374 923 1434 pro
947 1353 1037 1415 dolor

130 1437 239 1498 nimis
271 1438 336 1496 cito
365 1450 398 1495 et
425 1449 500 1496 ante
537 1436 758 1496 maturitatem
788 1435 1035 1500 effodiebantur.

132 1519 283 1595 Hyemes
305 1533 427 1579 nostras
449 1519 532 1577 bene
550 1519 621 1580 fert.
664 1519 726 1579 Sed
745 1519 957 1596 requiruntur
977 1540 1036 1580 ru·

132 1623 172 1665 n
198 1603 278 1661 anni
298 1601 337 1660 ad
360 1603 602 1662 incrementum
620 1615 651 1659 et
667 1602 887 1661 maturitatem
904 1600 1032 1665 udicis.
1110 1664 1112 1668 Α

132 1685 259 1748 Conf.
298 1685 442 1746 Pallas
476 1684 600 1743 Reice
630 1684 761 1743 durch
791 1683 1055 1747 verschied-

130 1768 381 1830 Provinzen
431 1767 508 1827 des
560 1766 822 1827 Russiscben
866 1764 1035 1831 Reicbs.

129 1851 246 1915 Tem.
269 1852 298 1916 3.
321 1870 350 1930 p.
378 1853 443 1929 ¹³7·

195 2016 328 2079 libeant
356 2019 584 2094 palmatum
619 2005 769 2096 producit
798 2013 1037 2077 Rbabarba·

129 2118 224 2165 rum
246 2101 283 2159 in
299 2098 441 2159 officinis
457 2098 691 2161 Sibiricum
708 2103 926 2179 appellatum
949 2114 1035 2159 certa

130 2204 151 2243 e
174 2182 359 2244 seminibus
380 2202 397 2239 e
420 2181 579 2241 Butharis
601 2196 633 2242 et
655 2183 811 2241 montosis
834 2179 978 2240 Tiberi
1000 2181 1038 2240 in

131 2267 290 2327 Russiam
307 2266 479 2344 apportatis
502 2277 532 2322 et
556 2278 662 2342 postea
678 2265 766 2336 satis,
789 2264 888 2323 hocce
907 2260 1037 2322 Rheum
1066 2282 1072 2295 ·

129 2350 367 2430 palmatum
401 2361 536 2406 enatum
569 2360 623 2408 est.
675 2348 827 2408 Pallas.
851 2348 871 2409 l.
894 2363 921 2408 o.
952 2343 1037 2403 Rha·

131 2429 310 2492 barbarum
340 2449 413 2488 vero
436 2429 655 2489 Chinense
677 2431 800 2490 exalia
821 2427 929 2507 specie
952 2425 1038 2486 Rbei

131 2515 324 2573 desumturn
356 2531 423 2570 esse
454 2511 588 2574 videtur.
643 2512 692 2572 Ex
723 2510 947 2572 observatione
981 2507 1038 2573 cl.

131 2595 225 2659 Job.
258 2594 388 2656 Gottl.
428 2593 587 2670 Georgi
624 2594 668 2654 in
711 2594 1038 2671 Bemerlrungen

132 2680 262 2740 einer
289 2677 418 2735 Reise
447 2677 499 2735 im
532 2676 799 2738 Russischen
824 2676 965 2738 Reicb.
998 2672 1038 2738 Τ.

119 2784 166 2828 ἰ.
197 2778 231 2848 p.
261 2778 345 2821 atr.
376 2776 457 2821 212.
480 2760 635 2818 annosior
665 2759 754 2818 radix
788 2759 874 2818 Rhei
907 2757 1038 2818 undu·

131 2844 221 2907 tati
272 2842 442 2903 simillima
489 2840 593 2901 evadit
635 2839 909 2902 Rhabarbaro
947 2840 1039 2902 Chi·

132 2926 283 2997 nensi,
306 2925 407 2994 facie,
429 2926 545 2994 colore,
568 2925 741 3004 fragrantia
763 2936 795 2982 et
816 2926 847 2983 vi
869 2937 1038 3003 purgante.

134 3010 182 3071 lit
202 3027 282 3067 vero
303 3007 405 3065 credit
427 3007 477 3067 lll.
502 3008 644 3067 Pallas
669 3010 688 3068 l.
715 3026 741 3068 c.
765 3027 797 3085 p.
834 3009 915 3068 156.
939 3009 1040 3067 hocce

126 3091 269 3152 'liberam
293 3088 511 3160 undulatam,
542 3091 625 3165 quod
648 3091 685 3148 in
711 3090 870 3148 montosis
900 3088 1040 3147 Sibiriao

135 3174 265 3255 algidis
294 3191 330 3231 ac
359 3172 500 3232 humidis
530 3186 567 3231 ut
589 3174 769 3252 plurimum
786 3171 909 3232 laborat
925 3169 1041 3230 radici·

135 3257 199 3318 bns
228 3256 406 3333 corruptis,
427 3254 464 3313 in
496 3256 662 3314 montibus
692 3256 788 3334 regni
809 3252 906 3313 Tibet
927 3252 1041 3312 siccio-

133 3339 246 3412 ribus,
281 3338 418 3416 apricis,
458 3337 623 3416 magisque
660 3339 876 3403 australibus‚
910 3335 1040 3397 felicius

133 3421 322 3504 provenire,
345 3418 529 3498 radicesque
547 3439 659 3497 gerere
678 3419 937 3490 excellentiores,
960 3437 1041 3496 quae

133 3507 220 3565 iorte
251 3501 495 3562 Rhabarbarum
525 3502 745 3564 Cbiuense
779 3500 941 3562 eximium
970 3499 1042 3560 effr-

136 3587 241 3649 ciunt.

171 3694 523 3797 'Rhabarbarnm
560 3736 777 3796 Chinense
817 3733 959 3792 occurrit
1002 3733 1041 3792 in

137 3820 250 3881 frustis
287 3820 437 3898 oblongis
474 3839 530 3878 seu
564 3818 794 3889 subrotundis,
825 3817 904 3876 hinc
936 3816 1040 3894 planis

139 3903 220 3965 inde
241 3901 525 3975 connexiusculis,
546 3902 741 3982 palmaribus
765 3901 816 3960 rel
841 3897 1042 3979 longioribus
